@Book{wordnet,
    title = {WordNet: An Electronic Lexical Database},
    author = {Christiane Fellbaum},
    year = {1998},
    publisher = {Bradford Books}
}

@incollection{survey,
  title={A survey of text classification algorithms},
  author={Aggarwal, Charu C and Zhai, ChengXiang},
  booktitle={Mining text data},
  pages={163--222},
  year={2012},
  publisher={Springer}
}